<?xml version="1.0" encoding="UTF-8"?>
<!DOCTYPE html PUBLIC "-//W3C//DTD XHTML 1.0 Transitional//EN"
    "http://www.w3.org/TR/xhtml1/DTD/xhtml1-transitional.dtd">
<html xmlns="http://www.w3.org/1999/xhtml" xml:lang="en" lang="en">
 <head>
  <title>
</title>
<meta http-equiv="Content-Type" content="text/html;charset=utf-8" />
  <meta name='ocr-system' content='tesseract 3.04.00' />
  <meta name='ocr-capabilities' content='ocr_page ocr_carea ocr_par ocr_line ocrx_word'/>
</head>
<body>
  <div class='ocr_page' id='page_1' title='image "./deevolutionespo00lantgoog_0018.png"; bbox 0 0 3950 5992; ppageno 0'>
   <div class='ocr_carea' id='block_1_1' title="bbox 1503 698 1957 771">
    <p class='ocr_par' dir='ltr' id='par_1_1' title="bbox 1503 698 1957 771">
     <span class='ocr_line' id='line_1_1' title="bbox 1503 698 1957 771; baseline 0 -21"><span class='ocrx_word' id='word_1_1' title='bbox 1503 698 1957 771; x_wconf 75' lang='grc'>...8.-</span> 
     </span>
    </p>
   </div>
   <div class='ocr_carea' id='block_1_2' title="bbox 316 898 3141 3690">
    <p class='ocr_par' dir='ltr' id='par_1_2' title="bbox 327 898 3137 1645">
     <span class='ocr_line' id='line_1_2' title="bbox 557 898 3133 1003; baseline 0.005 -31"><span class='ocrx_word' id='word_1_2' title='bbox 557 941 561 949; x_wconf 92' lang='grc'>-</span> <span class='ocrx_word' id='word_1_3' title='bbox 668 903 855 973; x_wconf 88' lang='lat' dir='ltr'><strong>Haec</strong></span> <span class='ocrx_word' id='word_1_4' title='bbox 906 901 1137 993; x_wconf 84' lang='lat' dir='ltr'><strong>opinio</strong></span> <span class='ocrx_word' id='word_1_5' title='bbox 1186 921 1276 972; x_wconf 85' lang='lat' dir='ltr'><strong>eo</strong></span> <span class='ocrx_word' id='word_1_6' title='bbox 1329 898 1859 978; x_wconf 74' lang='lat' dir='ltr'><strong>confirmabatur</strong></span> <span class='ocrx_word' id='word_1_7' title='bbox 1878 958 1895 989; x_wconf 90' lang='lat'>‚</span> <span class='ocrx_word' id='word_1_8' title='bbox 1991 908 2180 1000; x_wconf 85' lang='lat' dir='ltr'><strong>quod</strong></span> <span class='ocrx_word' id='word_1_9' title='bbox 2239 909 2336 979; x_wconf 87' lang='lat' dir='ltr'><strong>in·</strong></span> <span class='ocrx_word' id='word_1_10' title='bbox 2375 911 2684 1003; x_wconf 74' lang='lat' dir='ltr'><strong>margine</strong></span> <span class='ocrx_word' id='word_1_11' title='bbox 2734 913 3133 985; x_wconf 71' lang='lat' dir='ltr'><strong>columellae</strong></span> 
     </span>
     <span class='ocr_line' id='line_1_3' title="bbox 337 1029 3134 1122; baseline 0.003 -16"><span class='ocrx_word' id='word_1_12' title='bbox 337 1045 409 1107; x_wconf 81' lang='lat' dir='ltr'><strong>et</strong></span> <span class='ocrx_word' id='word_1_13' title='bbox 454 1032 896 1105; x_wconf 81' lang='lat' dir='ltr'><strong>membranae</strong></span> <span class='ocrx_word' id='word_1_14' title='bbox 947 1029 1268 1122; x_wconf 77' lang='lat' dir='ltr'><strong>capsulae</strong></span> <span class='ocrx_word' id='word_1_15' title='bbox 1322 1031 1681 1105; x_wconf 83' lang='lat' dir='ltr'><strong>interioris·</strong></span> <span class='ocrx_word' id='word_1_16' title='bbox 1720 1036 2002 1107; x_wconf 85' lang='lat' dir='ltr'><strong>lacinias</strong></span> <span class='ocrx_word' id='word_1_17' title='bbox 2044 1035 2397 1108; x_wconf 86' lang='lat' dir='ltr'><strong>dilacerati</strong></span> <span class='ocrx_word' id='word_1_18' title='bbox 2445 1040 3134 1119; x_wconf 72' lang='lat' dir='ltr'><strong>contextus-cellule-</strong></span> 
     </span>
     <span class='ocr_line' id='line_1_4' title="bbox 336 1153 3132 1261; baseline 0.001 -28"><span class='ocrx_word' id='word_1_19' title='bbox 336 1164 398 1233; x_wconf 87' lang='lat' dir='ltr'><strong>si</strong></span> <span class='ocrx_word' id='word_1_20' title='bbox 442 1158 875 1255; x_wconf 75' lang='lat' dir='ltr'>reperiebam</span> <span class='ocrx_word' id='word_1_21' title='bbox 909 1153 999 1253; x_wconf 81' lang='lat'><strong>⁹),</strong></span> <span class='ocrx_word' id='word_1_22' title='bbox 1057 1159 1600 1251; x_wconf 74' lang='lat' dir='ltr'><strong>quas-reliquias</strong></span> <span class='ocrx_word' id='word_1_23' title='bbox 1646 1162 2049 1236; x_wconf 69' lang='lat' dir='ltr'><strong>cellularum</strong></span> <span class='ocrx_word' id='word_1_24' title='bbox 2091 1165 2541 1236; x_wconf 83' lang='lat' dir='ltr'><strong>matricalium</strong></span> <span class='ocrx_word' id='word_1_25' title='bbox 2581 1186 2750 1253; x_wconf 78' lang='lat' dir='ltr'><strong>esse</strong></span> <span class='ocrx_word' id='word_1_26' title='bbox 2791 1166 3132 1261; x_wconf 87' lang='lat' dir='ltr'><strong>putabam.</strong></span> 
     </span>
     <span class='ocr_line' id='line_1_5' title="bbox 338 1285 3137 1384; baseline 0.001 -24"><span class='ocrx_word' id='word_1_27' title='bbox 338 1289 536 1363; x_wconf 76' lang='lat' dir='ltr'><strong>Adeo</strong></span> <span class='ocrx_word' id='word_1_28' title='bbox 587 1285 756 1358; x_wconf 82' lang='lat' dir='ltr'><strong>mihi</strong></span> <span class='ocrx_word' id='word_1_29' title='bbox 807 1285 1151 1376; x_wconf 82' lang='lat' dir='ltr'><strong>contigit,</strong></span> <span class='ocrx_word' id='word_1_30' title='bbox 1240 1297 1313 1356; x_wconf 86' lang='lat' dir='ltr'><strong>ut</strong></span> <span class='ocrx_word' id='word_1_31' title='bbox 1364 1287 1436 1356; x_wconf 84' lang='lat' dir='ltr'><strong>in</strong></span> <span class='ocrx_word' id='word_1_32' title='bbox 1488 1290 1833 1363; x_wconf 77' lang='lat' dir='ltr'><strong>nonnullis</strong></span> <span class='ocrx_word' id='word_1_33' title='bbox 1884 1292 2055 1365; x_wconf 88' lang='lat' dir='ltr'><strong>locis</strong></span> <span class='ocrx_word' id='word_1_34' title='bbox 2106 1290 2496 1384; x_wconf 78' lang='lat' dir='ltr'><strong>hujusmodi</strong></span> <span class='ocrx_word' id='word_1_35' title='bbox 2546 1292 2942 1367; x_wconf 73' lang='lat' dir='ltr'><strong>cellularum</strong></span> <span class='ocrx_word' id='word_1_36' title='bbox 2993 1310 3137 1365; x_wconf 86' lang='lat' dir='ltr'><strong>ma-</strong></span> 
     </span>
     <span class='ocr_line' id='line_1_6' title="bbox 338 1413 3137 1512; baseline 0.001 -23"><span class='ocrx_word' id='word_1_37' title='bbox 338 1416 671 1490; x_wconf 80' lang='lat' dir='ltr'><strong>tn‘calium</strong></span> <span class='ocrx_word' id='word_1_38' title='bbox 738 1414 905 1487; x_wconf 77' lang='lat' dir='ltr'><strong>satis</strong></span> <span class='ocrx_word' id='word_1_39' title='bbox 970 1413 1177 1484; x_wconf 70' lang='lat' dir='ltr'><strong>bene,</strong></span> <span class='ocrx_word' id='word_1_40' title='bbox 1220 1424 1647 1487; x_wconf 81' lang='lat' dir='ltr'><strong>servatarum</strong></span> <span class='ocrx_word' id='word_1_41' title='bbox 1699 1419 2005 1512; x_wconf 85' lang='lat' dir='ltr'><strong>sporidia</strong></span> <span class='ocrx_word' id='word_1_42' title='bbox 2077 1416 2303 1493; x_wconf 85' lang='lat' dir='ltr'><strong>adhuc</strong></span> <span class='ocrx_word' id='word_1_43' title='bbox 2348 1441 2434 1492; x_wconf 77' lang='lat' dir='ltr'><strong>ea</strong></span> <span class='ocrx_word' id='word_1_44' title='bbox 2484 1423 2748 1494; x_wconf 83' lang='lat' dir='ltr'><strong>ratione</strong></span> <span class='ocrx_word' id='word_1_45' title='bbox 2810 1422 3007 1512; x_wconf 77' lang='lat' dir='ltr'><strong>juxta</strong></span> <span class='ocrx_word' id='word_1_46' title='bbox 3058 1442 3137 1493; x_wconf 88' lang='lat' dir='ltr'><strong>se</strong></span> 
     </span>
     <span class='ocr_line' id='line_1_7' title="bbox 327 1544 2545 1645; baseline 0 -28"><span class='ocrx_word' id='word_1_47' title='bbox 327 1546 625 1638; x_wconf 68' lang='lat' dir='ltr'><strong>:iacentia</strong></span> <span class='ocrx_word' id='word_1_48' title='bbox 678 1545 1059 1639; x_wconf 74' lang='lat' dir='ltr'><strong>reperirem</strong></span> <span class='ocrx_word' id='word_1_49' title='bbox 1081 1596 1098 1627; x_wconf 90' lang='lat'><strong>,</strong></span> <span class='ocrx_word' id='word_1_50' title='bbox 1168 1564 1348 1637; x_wconf 83' lang='lat' dir='ltr'><strong>quae</strong></span> <span class='ocrx_word' id='word_1_51' title='bbox 1399 1544 1563 1618; x_wconf 84' lang='lat' dir='ltr'><strong>huic</strong></span> <span class='ocrx_word' id='word_1_52' title='bbox 1612 1548 1920 1642; x_wconf 85' lang='lat' dir='ltr'><strong>opinioni</strong></span> <span class='ocrx_word' id='word_1_53' title='bbox 1973 1548 2423 1645; x_wconf 73' lang='lat' dir='ltr'><strong>responderet</strong></span> <span class='ocrx_word' id='word_1_54' title='bbox 2461 1545 2545 1645; x_wconf 88' lang='lat'><strong>¹).</strong></span> 
     </span>
    </p>

    <p class='ocr_par' dir='ltr' id='par_1_3' title="bbox 316 1672 3141 3433">
     <span class='ocr_line' id='line_1_8' title="bbox 632 1672 3138 1773; baseline 0.002 -29"><span class='ocrx_word' id='word_1_55' title='bbox 632 1672 917 1745; x_wconf 82' lang='lat' dir='ltr'><strong>-Mirum</strong></span> <span class='ocrx_word' id='word_1_56' title='bbox 961 1685 1189 1747; x_wconf 85' lang='lat' dir='ltr'><strong>tamen</strong></span> <span class='ocrx_word' id='word_1_57' title='bbox 1241 1673 1408 1746; x_wconf 88' lang='lat' dir='ltr'><strong>mihi</strong></span> <span class='ocrx_word' id='word_1_58' title='bbox 1456 1674 1863 1756; x_wconf 85' lang='lat' dir='ltr'><strong>videbatur,</strong></span> <span class='ocrx_word' id='word_1_59' title='bbox 1956 1676 2147 1769; x_wconf 86' lang='lat' dir='ltr'><strong>quod</strong></span> <span class='ocrx_word' id='word_1_60' title='bbox 2198 1674 2376 1749; x_wconf 85' lang='lat' dir='ltr'><strong>haec</strong></span> <span class='ocrx_word' id='word_1_61' title='bbox 2423 1676 2724 1773; x_wconf 82' lang='lat' dir='ltr'><strong>sporidia</strong></span> <span class='ocrx_word' id='word_1_62' title='bbox 2771 1678 2994 1749; x_wconf 79' lang='lat' dir='ltr'><strong>forma</strong></span> <span class='ocrx_word' id='word_1_63' title='bbox 3043 1678 3138 1748; x_wconf 88' lang='lat' dir='ltr'><strong>ab</strong></span> 
     </span>
     <span class='ocr_line' id='line_1_9' title="bbox 337 1798 3138 1899; baseline 0.001 -24"><span class='ocrx_word' id='word_1_64' title='bbox 337 1806 458 1883; x_wconf 91' lang='lat' dir='ltr'><strong>iis,</strong></span> <span class='ocrx_word' id='word_1_65' title='bbox 553 1820 735 1895; x_wconf 86' lang='lat' dir='ltr'><strong>quae</strong></span> <span class='ocrx_word' id='word_1_66' title='bbox 798 1799 980 1872; x_wconf 74' lang='lat' dir='ltr'><strong>Mohl</strong></span> <span class='ocrx_word' id='word_1_67' title='bbox 1045 1825 1113 1871; x_wconf 85' lang='lat' dir='ltr'><strong>v.</strong></span> <span class='ocrx_word' id='word_1_68' title='bbox 1168 1802 1253 1873; x_wconf 88' lang='lat' dir='ltr'><strong>cl.</strong></span> <span class='ocrx_word' id='word_1_69' title='bbox 1309 1803 1352 1872; x_wconf 87' lang='lat' dir='ltr'><strong>l.</strong></span> <span class='ocrx_word' id='word_1_70' title='bbox 1406 1804 1450 1873; x_wconf 87' lang='lat' dir='ltr'><strong>l.</strong></span> <span class='ocrx_word' id='word_1_71' title='bbox 1504 1802 1823 1898; x_wconf 83' lang='lat' dir='ltr'><strong>depinxit</strong></span> <span class='ocrx_word' id='word_1_72' title='bbox 1856 1798 1919 1899; x_wconf 74' lang='grc'><strong>2)</strong></span> <span class='ocrx_word' id='word_1_73' title='bbox 1945 1856 1963 1885; x_wconf 89' lang='grc'><em>,</em></span> <span class='ocrx_word' id='word_1_74' title='bbox 2053 1814 2409 1898; x_wconf 78' lang='lat' dir='ltr'><strong>tantopere</strong></span> <span class='ocrx_word' id='word_1_75' title='bbox 2459 1804 2852 1887; x_wconf 65' lang='lat' dir='ltr'><strong>differrent,</strong></span> <span class='ocrx_word' id='word_1_76' title='bbox 2946 1803 3138 1898; x_wconf 83' lang='lat' dir='ltr'><strong>quod</strong></span> 
     </span>
     <span class='ocr_line' id='line_1_10' title="bbox 336 1931 3139 2011; baseline 0.002 -10"><span class='ocrx_word' id='word_1_77' title='bbox 336 1942 564 2002; x_wconf 88' lang='lat' dir='ltr'><strong>tamen</strong></span> <span class='ocrx_word' id='word_1_78' title='bbox 618 1952 775 2002; x_wconf 89' lang='lat' dir='ltr'><strong>cum</strong></span> <span class='ocrx_word' id='word_1_79' title='bbox 826 1931 1100 2002; x_wconf 88' lang='lat' dir='ltr'><strong>novello</strong></span> <span class='ocrx_word' id='word_1_80' title='bbox 1153 1951 1395 2002; x_wconf 89' lang='lat' dir='ltr'><strong>eorum</strong></span> <span class='ocrx_word' id='word_1_81' title='bbox 1447 1934 1651 2003; x_wconf 85' lang='lat' dir='ltr'><strong>statui</strong></span> <span class='ocrx_word' id='word_1_82' title='bbox 1704 1933 2078 2004; x_wconf 82' lang='lat' dir='ltr'><strong>tribuerem</strong></span> <span class='ocrx_word' id='word_1_83' title='bbox 2103 1982 2122 2011; x_wconf 91' lang='lat'>‚</span> <span class='ocrx_word' id='word_1_84' title='bbox 2194 1932 2285 2003; x_wconf 89' lang='lat' dir='ltr'><strong>ad</strong></span> <span class='ocrx_word' id='word_1_85' title='bbox 2336 1932 2897 2004; x_wconf 86' lang='lat' dir='ltr'><strong>observationem</strong></span> <span class='ocrx_word' id='word_1_86' title='bbox 2947 1941 3139 2007; x_wconf 77' lang='lat' dir='ltr'><strong>vete-</strong></span> 
     </span>
     <span class='ocr_line' id='line_1_11' title="bbox 336 2056 3139 2154; baseline -0 -25"><span class='ocrx_word' id='word_1_87' title='bbox 336 2059 593 2129; x_wconf 90' lang='lat' dir='ltr'><strong>riorum</strong></span> <span class='ocrx_word' id='word_1_88' title='bbox 645 2056 955 2148; x_wconf 89' lang='lat' dir='ltr'><strong>ejusdem</strong></span> <span class='ocrx_word' id='word_1_89' title='bbox 999 2059 1221 2130; x_wconf 89' lang='lat' dir='ltr'><strong>musci</strong></span> <span class='ocrx_word' id='word_1_90' title='bbox 1264 2060 1695 2154; x_wconf 88' lang='lat' dir='ltr'><strong>capsularum</strong></span> <span class='ocrx_word' id='word_1_91' title='bbox 1745 2060 2054 2138; x_wconf 88' lang='lat' dir='ltr'><strong>accessi,</strong></span> <span class='ocrx_word' id='word_1_92' title='bbox 2129 2067 2203 2128; x_wconf 87' lang='lat' dir='ltr'><strong>ut</strong></span> <span class='ocrx_word' id='word_1_93' title='bbox 2246 2078 2330 2128; x_wconf 91' lang='lat' dir='ltr'><strong>ea</strong></span> <span class='ocrx_word' id='word_1_94' title='bbox 2350 2108 2369 2139; x_wconf 90' lang='lat'><strong>,</strong></span> <span class='ocrx_word' id='word_1_95' title='bbox 2424 2059 2486 2128; x_wconf 91' lang='lat' dir='ltr'><strong>si</strong></span> <span class='ocrx_word' id='word_1_96' title='bbox 2535 2056 2684 2128; x_wconf 85' lang='lat' dir='ltr'><strong>fieri</strong></span> <span class='ocrx_word' id='word_1_97' title='bbox 2734 2068 3012 2151; x_wconf 84' lang='lat' dir='ltr'><strong>posset,</strong></span> <span class='ocrx_word' id='word_1_98' title='bbox 3068 2061 3139 2129; x_wconf 87' lang='lat' dir='ltr'><strong>in</strong></span> 
     </span>
     <span class='ocr_line' id='line_1_12' title="bbox 337 2182 3138 2278; baseline 0.001 -24"><span class='ocrx_word' id='word_1_99' title='bbox 337 2192 514 2255; x_wconf 85' lang='lat' dir='ltr'><strong>statu</strong></span> <span class='ocrx_word' id='word_1_100' title='bbox 566 2187 917 2254; x_wconf 88' lang='lat' dir='ltr'><strong>maturiori</strong></span> <span class='ocrx_word' id='word_1_101' title='bbox 971 2186 1375 2256; x_wconf 86' lang='lat' dir='ltr'><strong>invenirem.</strong></span> <span class='ocrx_word' id='word_1_102' title='bbox 1515 2187 1638 2257; x_wconf 88' lang='lat' dir='ltr'><strong>Hic</strong></span> <span class='ocrx_word' id='word_1_103' title='bbox 1683 2203 2101 2277; x_wconf 85' lang='lat' dir='ltr'><strong>quamquam</strong></span> <span class='ocrx_word' id='word_1_104' title='bbox 2152 2184 2372 2278; x_wconf 91' lang='lat' dir='ltr'><strong>primo</strong></span> <span class='ocrx_word' id='word_1_105' title='bbox 2425 2182 2666 2255; x_wconf 85' lang='lat' dir='ltr'><strong>obtutu</strong></span> <span class='ocrx_word' id='word_1_106' title='bbox 2719 2185 2964 2255; x_wconf 89' lang='lat' dir='ltr'><strong>similia</strong></span> <span class='ocrx_word' id='word_1_107' title='bbox 3015 2187 3138 2257; x_wconf 91' lang='lat' dir='ltr'><strong>ob-</strong></span> 
     </span>
     <span class='ocr_line' id='line_1_13' title="bbox 335 2308 3141 2402; baseline -0 -18"><span class='ocrx_word' id='word_1_108' title='bbox 335 2330 617 2384; x_wconf 82' lang='lat' dir='ltr'><strong>servare</strong></span> <span class='ocrx_word' id='word_1_109' title='bbox 668 2308 835 2379; x_wconf 83' lang='lat' dir='ltr'><strong>mihi</strong></span> <span class='ocrx_word' id='word_1_110' title='bbox 885 2309 1178 2380; x_wconf 88' lang='lat' dir='ltr'><strong>videbar</strong></span> <span class='ocrx_word' id='word_1_111' title='bbox 1199 2360 1218 2389; x_wconf 92' lang='lat'>,</span> <span class='ocrx_word' id='word_1_112' title='bbox 1274 2321 1500 2379; x_wconf 81' lang='lat' dir='ltr'><strong>tamen</strong></span> <span class='ocrx_word' id='word_1_113' title='bbox 1554 2333 1633 2378; x_wconf 89' lang='lat' dir='ltr'><strong>re</strong></span> <span class='ocrx_word' id='word_1_114' title='bbox 1675 2311 2062 2376; x_wconf 80' lang='lat' dir='ltr'><strong>accuratius</strong></span> <span class='ocrx_word' id='word_1_115' title='bbox 2116 2312 2425 2398; x_wconf 80' lang='lat' dir='ltr'><strong>inspecta</strong></span> <span class='ocrx_word' id='word_1_116' title='bbox 2477 2330 2635 2378; x_wconf 89' lang='lat' dir='ltr'><strong>cum</strong></span> <span class='ocrx_word' id='word_1_117' title='bbox 2687 2331 2931 2402; x_wconf 81' lang='lat' dir='ltr'><strong>magna</strong></span> <span class='ocrx_word' id='word_1_118' title='bbox 2982 2335 3141 2387; x_wconf 89' lang='lat' dir='ltr'><strong>mea</strong></span> 
     </span>
     <span class='ocr_line' id='line_1_14' title="bbox 335 2431 3141 2531; baseline 0.001 -22"><span class='ocrx_word' id='word_1_119' title='bbox 335 2438 788 2531; x_wconf 76' lang='lat' dir='ltr'><strong>admiratione</strong></span> <span class='ocrx_word' id='word_1_120' title='bbox 843 2438 1167 2509; x_wconf 85' lang='lat' dir='ltr'><strong>nucleum</strong></span> <span class='ocrx_word' id='word_1_121' title='bbox 1210 2437 1278 2505; x_wconf 91' lang='lat' dir='ltr'><strong>in</strong></span> <span class='ocrx_word' id='word_1_122' title='bbox 1327 2443 1903 2528; x_wconf 58' lang='lat' dir='ltr'><strong>quacun-partes</strong></span> <span class='ocrx_word' id='word_1_123' title='bbox 1944 2431 2197 2502; x_wconf 83' lang='lat' dir='ltr'><strong>mirum</strong></span> <span class='ocrx_word' id='word_1_124' title='bbox 2250 2433 2320 2501; x_wconf 87' lang='lat' dir='ltr'><strong>in</strong></span> <span class='ocrx_word' id='word_1_125' title='bbox 2371 2433 2654 2505; x_wconf 88' lang='lat' dir='ltr'><strong>modum</strong></span> <span class='ocrx_word' id='word_1_126' title='bbox 2704 2438 2795 2507; x_wconf 82' lang='lat' dir='ltr'><strong>ita</strong></span> <span class='ocrx_word' id='word_1_127' title='bbox 2841 2438 3141 2514; x_wconf 88' lang='lat' dir='ltr'><strong>divisum</strong></span> 
     </span>
     <span class='ocr_line' id='line_1_15' title="bbox 334 2553 3139 2655; baseline 0.001 -16"><span class='ocrx_word' id='word_1_128' title='bbox 334 2588 496 2640; x_wconf 85' lang='lat' dir='ltr'><strong>esse</strong></span> <span class='ocrx_word' id='word_1_129' title='bbox 539 2566 1035 2647; x_wconf 73' lang='lat' dir='ltr'><strong>animaduerti,</strong></span> <span class='ocrx_word' id='word_1_130' title='bbox 1089 2574 1163 2635; x_wconf 87' lang='lat' dir='ltr'><strong>ut</strong></span> <span class='ocrx_word' id='word_1_131' title='bbox 1212 2564 1375 2634; x_wconf 75' lang='lat' dir='ltr'><strong>Tab;</strong></span> <span class='ocrx_word' id='word_1_132' title='bbox 1416 2565 1464 2633; x_wconf 92' lang='lat' dir='ltr'><strong>l.</strong></span> <span class='ocrx_word' id='word_1_133' title='bbox 1516 2559 1633 2653; x_wconf 73' lang='lat' dir='ltr'><strong>fig.</strong></span> <span class='ocrx_word' id='word_1_134' title='bbox 1675 2561 1744 2633; x_wconf 88' lang='grc'><strong>6.</strong></span> <span class='ocrx_word' id='word_1_135' title='bbox 1784 2559 2123 2654; x_wconf 84' lang='lat' dir='ltr'><strong>descripsi</strong></span> <span class='ocrx_word' id='word_1_136' title='bbox 2159 2553 2226 2654; x_wconf 78' lang='grc'><strong>3)</strong></span> <span class='ocrx_word' id='word_1_137' title='bbox 2251 2611 2269 2640; x_wconf 91' lang='grc'><strong><em>,</em></strong></span> <span class='ocrx_word' id='word_1_138' title='bbox 2339 2559 2460 2632; x_wconf 88' lang='lat' dir='ltr'><strong>ubi</strong></span> <span class='ocrx_word' id='word_1_139' title='bbox 2483 2563 2802 2655; x_wconf 85' lang='lat' dir='ltr'><strong>-quisque</strong></span> <span class='ocrx_word' id='word_1_140' title='bbox 2852 2569 3139 2644; x_wconf 86' lang='lat' dir='ltr'><strong>nucleus</strong></span> 
     </span>
     <span class='ocr_line' id='line_1_16' title="bbox 336 2688 3138 2787; baseline 0.001 -21"><span class='ocrx_word' id='word_1_141' title='bbox 336 2717 431 2766; x_wconf 84' lang='lat' dir='ltr'><strong>ex</strong></span> <span class='ocrx_word' id='word_1_142' title='bbox 480 2693 835 2787; x_wconf 87' lang='lat' dir='ltr'><strong>quaternis</strong></span> <span class='ocrx_word' id='word_1_143' title='bbox 899 2692 1096 2782; x_wconf 76' lang='lat' dir='ltr'><strong>juxta</strong></span> <span class='ocrx_word' id='word_1_144' title='bbox 1156 2713 1234 2763; x_wconf 90' lang='lat' dir='ltr'><strong>se</strong></span> <span class='ocrx_word' id='word_1_145' title='bbox 1296 2691 1685 2782; x_wconf 89' lang='lat' dir='ltr'><strong>jacentibus</strong></span> <span class='ocrx_word' id='word_1_146' title='bbox 1754 2688 2192 2781; x_wconf 80' lang='lat' dir='ltr'><strong>globulorum</strong></span> <span class='ocrx_word' id='word_1_147' title='bbox 2253 2691 2524 2762; x_wconf 85' lang='lat' dir='ltr'><strong>annulis</strong></span> <span class='ocrx_word' id='word_1_148' title='bbox 2575 2703 2895 2767; x_wconf 84' lang='lat' dir='ltr'><strong>constare</strong></span> <span class='ocrx_word' id='word_1_149' title='bbox 2945 2697 3138 2770; x_wconf 83' lang='lat' dir='ltr'><strong>vide-</strong></span> 
     </span>
     <span class='ocr_line' id='line_1_17' title="bbox 336 2816 3138 2921; baseline 0 -26"><span class='ocrx_word' id='word_1_150' title='bbox 336 2825 585 2917; x_wconf 55' lang='lat' dir='ltr'><strong>bamu-</strong></span> <span class='ocrx_word' id='word_1_151' title='bbox 662 2821 908 2894; x_wconf 71' lang='lat' dir='ltr'><strong>Poetoe</strong></span> <span class='ocrx_word' id='word_1_152' title='bbox 930 2820 1375 2893; x_wconf 67' lang='lat' dir='ltr'><strong>,divisivum</strong></span> <span class='ocrx_word' id='word_1_153' title='bbox 1426 2819 1607 2889; x_wconf 80' lang='lat' dir='ltr'><strong>illius</strong></span> <span class='ocrx_word' id='word_1_154' title='bbox 1658 2816 1886 2888; x_wconf 85' lang='lat' dir='ltr'><strong>nuclei</strong></span> <span class='ocrx_word' id='word_1_155' title='bbox 1933 2824 2078 2885; x_wconf 82' lang='lat' dir='ltr'><strong>tam</strong></span> <span class='ocrx_word' id='word_1_156' title='bbox 2119 2826 2442 2887; x_wconf 70' lang='lat' dir='ltr'><strong>accurate</strong></span> <span class='ocrx_word' id='word_1_157' title='bbox 2496 2819 2868 2893; x_wconf 82' lang='lat' dir='ltr'><strong>observavi</strong></span> <span class='ocrx_word' id='word_1_158' title='bbox 2904 2820 2970 2921; x_wconf 74' lang='lat'><strong>4)</strong></span> <span class='ocrx_word' id='word_1_159' title='bbox 2988 2876 3007 2905; x_wconf 91' lang='lat'>‚</span> <span class='ocrx_word' id='word_1_160' title='bbox 3061 2836 3138 2898; x_wconf 85' lang='lat' dir='ltr'><strong>ut</strong></span> 
     </span>
     <span class='ocr_line' id='line_1_18' title="bbox 330 2945 3131 3047; baseline -0.001 -23"><span class='ocrx_word' id='word_1_161' title='bbox 330 2953 657 3044; x_wconf 75' lang='lat' dir='ltr'><strong>jamnon</strong></span> <span class='ocrx_word' id='word_1_162' title='bbox 694 2954 1032 3047; x_wconf 60' lang='lat' dir='ltr'><strong>iponem,</strong></span> <span class='ocrx_word' id='word_1_163' title='bbox 1106 2951 1281 3043; x_wconf 70' lang='lat' dir='ltr'><strong>quiin·</strong></span> <span class='ocrx_word' id='word_1_164' title='bbox 1322 2946 1609 3020; x_wconf 72' lang='lat' dir='ltr'><strong>cellulas</strong></span> <span class='ocrx_word' id='word_1_165' title='bbox 1628 2992 1649 3028; x_wconf 82' lang='grc'>,</span> <span class='ocrx_word' id='word_1_166' title='bbox 1702 2960 1878 3037; x_wconf 68' lang='lat' dir='ltr'><strong>quas</strong></span> <span class='ocrx_word' id='word_1_167' title='bbox 1927 2951 2130 3015; x_wconf 81' lang='lat' dir='ltr'><strong>antea</strong></span> <span class='ocrx_word' id='word_1_168' title='bbox 2181 2963 2326 3036; x_wconf 82' lang='lat' dir='ltr'><strong>pro-</strong></span> <span class='ocrx_word' id='word_1_169' title='bbox 2355 2945 2683 3038; x_wconf 84' lang='lat' dir='ltr'><strong>sporidiis</strong></span> <span class='ocrx_word' id='word_1_170' title='bbox 2734 2946 3131 3037; x_wconf 81' lang='lat' dir='ltr'><strong>habueram,</strong></span> 
     </span>
     <span class='ocr_line' id='line_1_19' title="bbox 318 3074 3138 3173; baseline -0 -18"><span class='ocrx_word' id='word_1_171' title='bbox 318 3082 619 3155; x_wconf 69' lang='lat' dir='ltr'><strong>cellulas</strong></span> <span class='ocrx_word' id='word_1_172' title='bbox 676 3079 1071 3151; x_wconf 56' lang='lat' dir='ltr'><strong>⁴matriculas</strong></span> <span class='ocrx_word' id='word_1_173' title='bbox 1126 3076 1469 3173; x_wconf 83' lang='lat' dir='ltr'><strong>speciales</strong></span> <span class='ocrx_word' id='word_1_174' title='bbox 1493 3126 1512 3157; x_wconf 89' lang='lat'><strong>,</strong></span> <span class='ocrx_word' id='word_1_175' title='bbox 1574 3074 1894 3146; x_wconf 70' lang='lat' dir='ltr'><strong>lacinias</strong></span> <span class='ocrx_word' id='word_1_176' title='bbox 1944 3076 2184 3145; x_wconf 81' lang='lat' dir='ltr'><strong>contra</strong></span> <span class='ocrx_word' id='word_1_177' title='bbox 2244 3074 2315 3145; x_wconf 87' lang='lat' dir='ltr'><strong>in</strong></span> <span class='ocrx_word' id='word_1_178' title='bbox 2372 3078 2683 3168; x_wconf 79' lang='lat' dir='ltr'><strong>margine</strong></span> <span class='ocrx_word' id='word_1_179' title='bbox 2729 3080 3138 3153; x_wconf 84' lang='lat' dir='ltr'><strong>columellae</strong></span> 
     </span>
     <span class='ocr_line' id='line_1_20' title="bbox 316 3203 3135 3301; baseline 0 -19"><span class='ocrx_word' id='word_1_180' title='bbox 316 3221 410 3282; x_wconf 83' lang='lat' dir='ltr'><strong>:et</strong></span> <span class='ocrx_word' id='word_1_181' title='bbox 462 3208 913 3281; x_wconf 82' lang='lat' dir='ltr'><strong>membranae</strong></span> <span class='ocrx_word' id='word_1_182' title='bbox 934 3205 1279 3301; x_wconf 73' lang='lat' dir='ltr'><strong>capsulae</strong></span> <span class='ocrx_word' id='word_1_183' title='bbox 1326 3204 1672 3277; x_wconf 69' lang='lat' dir='ltr'><strong>imas-ieris</strong></span> <span class='ocrx_word' id='word_1_184' title='bbox 1724 3203 2006 3276; x_wconf 86' lang='lat' dir='ltr'><strong>cellulas</strong></span> <span class='ocrx_word' id='word_1_185' title='bbox 2058 3205 2443 3279; x_wconf 82' lang='lat' dir='ltr'><strong>matricales</strong></span> <span class='ocrx_word' id='word_1_186' title='bbox 2493 3207 2972 3300; x_wconf 80' lang='lat' dir='ltr'><strong>primordiales</strong></span> <span class='ocrx_word' id='word_1_187' title='bbox 3025 3231 3135 3282; x_wconf 83' lang='lat' dir='ltr'><strong>es-</strong></span> 
     </span>
     <span class='ocr_line' id='line_1_21' title="bbox 316 3333 1599 3433; baseline -0.003 -23"><span class='ocrx_word' id='word_1_188' title='bbox 316 3359 417 3410; x_wconf 89' lang='lat' dir='ltr'><strong>-se</strong></span> <span class='ocrx_word' id='word_1_189' title='bbox 442 3390 461 3419; x_wconf 90' lang='lat'>‚</span> <span class='ocrx_word' id='word_1_190' title='bbox 535 3356 940 3433; x_wconf 86' lang='lat' dir='ltr'><strong>persuasum</strong></span> <span class='ocrx_word' id='word_1_191' title='bbox 987 3333 1153 3407; x_wconf 83' lang='lat' dir='ltr'><strong>mihi</strong></span> <span class='ocrx_word' id='word_1_192' title='bbox 1205 3333 1551 3411; x_wconf 82' lang='lat' dir='ltr'><strong>haberem.</strong></span> <span class='ocrx_word' id='word_1_193' title='bbox 1594 3378 1599 3387; x_wconf 85' lang='lat'>-</span> 
     </span>
    </p>

    <p class='ocr_par' dir='ltr' id='par_1_4' title="bbox 338 3460 3136 3690">
     <span class='ocr_line' id='line_1_22' title="bbox 560 3460 3131 3563; baseline 0.001 -24"><span class='ocrx_word' id='word_1_194' title='bbox 560 3468 565 3475; x_wconf 82' lang='grc'><em>“</em></span> <span class='ocrx_word' id='word_1_195' title='bbox 630 3467 837 3539; x_wconf 61' lang='grc' dir='ltr'><strong>Ἐπὶ</strong></span> <span class='ocrx_word' id='word_1_196' title='bbox 880 3464 1331 3538; x_wconf 75' lang='lat' dir='ltr'><strong>vehementer</strong></span> <span class='ocrx_word' id='word_1_197' title='bbox 1372 3486 1698 3561; x_wconf 66' lang='lat' dir='ltr'><strong>cuperem</strong></span> <span class='ocrx_word' id='word_1_198' title='bbox 1720 3515 1736 3545; x_wconf 94' lang='lat'><strong>,</strong></span> <span class='ocrx_word' id='word_1_199' title='bbox 1814 3460 1990 3536; x_wconf 81' lang='lat' dir='ltr'><strong>hanc</strong></span> <span class='ocrx_word' id='word_1_200' title='bbox 2035 3485 2184 3536; x_wconf 90' lang='lat' dir='ltr'><strong>rem</strong></span> <span class='ocrx_word' id='word_1_201' title='bbox 2232 3465 2622 3536; x_wconf 82' lang='lat' dir='ltr'><strong>accuratius</strong></span> <span class='ocrx_word' id='word_1_202' title='bbox 2662 3469 3131 3563; x_wconf 78' lang='lat' dir='ltr'><strong>contemplari,</strong></span> 
     </span>
     <span class='ocr_line' id='line_1_23' title="bbox 338 3592 3136 3690; baseline 0 -21"><span class='ocrx_word' id='word_1_203' title='bbox 338 3599 605 3672; x_wconf 74' lang='lat' dir='ltr'><strong>accessi</strong></span> <span class='ocrx_word' id='word_1_204' title='bbox 658 3596 747 3668; x_wconf 86' lang='lat' dir='ltr'><strong>ad</strong></span> <span class='ocrx_word' id='word_1_205' title='bbox 794 3594 1421 3690; x_wconf 74' lang='lat' dir='ltr'><strong>perscrutationem·</strong></span> <span class='ocrx_word' id='word_1_206' title='bbox 1462 3594 1894 3688; x_wconf 80' lang='lat' dir='ltr'><strong>capsulamm</strong></span> <span class='ocrx_word' id='word_1_207' title='bbox 1920 3594 2165 3686; x_wconf 78' lang='lat' dir='ltr'><strong>-magis</strong></span> <span class='ocrx_word' id='word_1_208' title='bbox 2217 3592 2699 3679; x_wconf 77' lang='lat' dir='ltr'><strong>novellarum-3</strong></span> <span class='ocrx_word' id='word_1_209' title='bbox 2795 3594 2925 3668; x_wconf 85' lang='lat' dir='ltr'><strong>sed</strong></span> <span class='ocrx_word' id='word_1_210' title='bbox 2973 3618 3136 3669; x_wconf 75' lang='lat' dir='ltr'><strong>cum</strong></span> 
     </span>
    </p>
   </div>
   <div class='ocr_carea' id='block_1_3' title="bbox 340 3717 3285 3812">
    <p class='ocr_par' dir='ltr' id='par_1_5' title="bbox 340 3717 3285 3812">
     <span class='ocr_line' id='line_1_24' title="bbox 340 3717 3285 3812; baseline -0.001 -14"><span class='ocrx_word' id='word_1_211' title='bbox 340 3722 848 3812; x_wconf 82' lang='lat' dir='ltr'><strong>Orthotrichum</strong></span> <span class='ocrx_word' id='word_1_212' title='bbox 912 3722 1307 3796; x_wconf 79' lang='lat' dir='ltr'><strong>anomalum</strong></span> <span class='ocrx_word' id='word_1_213' title='bbox 1374 3720 1616 3793; x_wconf 80' lang='lat' dir='ltr'><strong>Hedw.</strong></span> <span class='ocrx_word' id='word_1_214' title='bbox 1696 3722 1766 3792; x_wconf 86' lang='lat' dir='ltr'><strong>in</strong></span> <span class='ocrx_word' id='word_1_215' title='bbox 1840 3717 1970 3792; x_wconf 87' lang='lat' dir='ltr'><strong>hac</strong></span> <span class='ocrx_word' id='word_1_216' title='bbox 2039 3730 2259 3793; x_wconf 82' lang='lat' dir='ltr'><strong>aetate</strong></span> <span class='ocrx_word' id='word_1_217' title='bbox 2334 3720 2775 3793; x_wconf 78' lang='lat' dir='ltr'><strong>coustitutum</strong></span> <span class='ocrx_word' id='word_1_218' title='bbox 2841 3722 2982 3794; x_wconf 78' lang='lat' dir='ltr'><strong>&#39;non</strong></span> <span class='ocrx_word' id='word_1_219' title='bbox 3064 3727 3134 3795; x_wconf 82' lang='lat' dir='ltr'><strong>in</strong></span> <span class='ocrx_word' id='word_1_220' title='bbox 3197 3734 3208 3739; x_wconf 78' lang='grc'><em>“</em></span> <span class='ocrx_word' id='word_1_221' title='bbox 3279 3747 3285 3751; x_wconf 94' lang='grc'><strong><em>·</em></strong></span> 
     </span>
    </p>
   </div>
   <div class='ocr_carea' id='block_1_4' title="bbox 338 3845 3136 4335">
    <p class='ocr_par' dir='ltr' id='par_1_6' title="bbox 338 3845 3136 4335">
     <span class='ocr_line' id='line_1_25' title="bbox 338 3845 3136 3951; baseline -0.002 -24"><span class='ocrx_word' id='word_1_222' title='bbox 338 3865 656 3951; x_wconf 79' lang='lat' dir='ltr'><strong>promptu</strong></span> <span class='ocrx_word' id='word_1_223' title='bbox 710 3862 937 3933; x_wconf 79' lang='lat' dir='ltr'><strong>esset,</strong></span> <span class='ocrx_word' id='word_1_224' title='bbox 1011 3850 1326 3945; x_wconf 68' lang='lat' dir='ltr'><strong>capsulas</strong></span> <span class='ocrx_word' id='word_1_225' title='bbox 1378 3845 1791 3922; x_wconf 81' lang='lat' dir='ltr'><strong>Orthotrichi</strong></span> <span class='ocrx_word' id='word_1_226' title='bbox 1843 3849 2142 3943; x_wconf 78' lang='lat' dir='ltr'><strong>cupulati</strong></span> <span class='ocrx_word' id='word_1_227' title='bbox 2183 3847 2436 3921; x_wconf 76' lang='lat' dir='ltr'><strong>Hoffm-</strong></span> <span class='ocrx_word' id='word_1_228' title='bbox 2491 3871 2664 3921; x_wconf 81' lang='lat' dir='ltr'><strong>usus</strong></span> <span class='ocrx_word' id='word_1_229' title='bbox 2705 3868 2881 3921; x_wconf 87' lang='lat' dir='ltr'><strong>sum.</strong></span> <span class='ocrx_word' id='word_1_230' title='bbox 3005 3853 3136 3928; x_wconf 81' lang='lat' dir='ltr'><strong>Per</strong></span> 
     </span>
     <span class='ocr_line' id='line_1_26' title="bbox 340 3977 3135 4076; baseline 0 -21"><span class='ocrx_word' id='word_1_231' title='bbox 340 3981 944 4076; x_wconf 81' lang='lat' dir='ltr'><strong>aliquod-tempus</strong></span> <span class='ocrx_word' id='word_1_232' title='bbox 996 3989 1225 4051; x_wconf 86' lang='lat' dir='ltr'><strong>tamen</strong></span> <span class='ocrx_word' id='word_1_233' title='bbox 1264 3977 1780 4072; x_wconf 63' lang='lat' dir='ltr'><strong>‘emper-venire</strong></span> <span class='ocrx_word' id='word_1_234' title='bbox 1832 3980 1972 4049; x_wconf 73' lang='lat' dir='ltr'><strong>non</strong></span> <span class='ocrx_word' id='word_1_235' title='bbox 2023 3978 2257 4072; x_wconf 84' lang='lat' dir='ltr'><strong>potui,</strong></span> <span class='ocrx_word' id='word_1_236' title='bbox 2311 3978 2608 4048; x_wconf 76' lang='lat' dir='ltr'><strong>ut=satis</strong></span> <span class='ocrx_word' id='word_1_237' title='bbox 2651 3988 2972 4052; x_wconf 75' lang='lat' dir='ltr'><strong>accurate</strong></span> <span class='ocrx_word' id='word_1_238' title='bbox 3017 4002 3135 4055; x_wconf 89' lang='lat' dir='ltr'><strong>co-</strong></span> 
     </span>
     <span class='ocr_line' id='line_1_27' title="bbox 342 4103 3131 4204; baseline 0 -21"><span class='ocrx_word' id='word_1_239' title='bbox 342 4130 752 4204; x_wconf 82' lang='lat' dir='ltr'><strong>gnoscerem</strong></span> <span class='ocrx_word' id='word_1_240' title='bbox 775 4160 792 4191; x_wconf 90' lang='lat'>‚</span> <span class='ocrx_word' id='word_1_241' title='bbox 890 4127 1025 4200; x_wconf 93' lang='lat' dir='ltr'><strong>qua</strong></span> <span class='ocrx_word' id='word_1_242' title='bbox 1097 4107 1359 4178; x_wconf 89' lang='lat' dir='ltr'><strong>ratione</strong></span> <span class='ocrx_word' id='word_1_243' title='bbox 1412 4108 1664 4179; x_wconf 90' lang='lat' dir='ltr'><strong>multae</strong></span> <span class='ocrx_word' id='word_1_244' title='bbox 1715 4105 1893 4177; x_wconf 84' lang='lat' dir='ltr'><strong>illae·</strong></span> <span class='ocrx_word' id='word_1_245' title='bbox 1914 4113 1996 4176; x_wconf 86' lang='lat' dir='ltr'><strong>et</strong></span> <span class='ocrx_word' id='word_1_246' title='bbox 2045 4103 2379 4177; x_wconf 83' lang='lat' dir='ltr'><strong>obscurae</strong></span> <span class='ocrx_word' id='word_1_247' title='bbox 2427 4115 2749 4178; x_wconf 78' lang='lat' dir='ltr'><strong>catervae</strong></span> <span class='ocrx_word' id='word_1_248' title='bbox 2804 4107 3131 4198; x_wconf 55' lang='lat' dir='ltr'><strong>jacerem</strong></span> 
     </span>
     <span class='ocr_line' id='line_1_28' title="bbox 343 4234 3129 4335; baseline -0.001 -22"><span class='ocrx_word' id='word_1_249' title='bbox 343 4262 515 4335; x_wconf 86' lang='lat' dir='ltr'><strong>quas</strong></span> <span class='ocrx_word' id='word_1_250' title='bbox 568 4247 826 4310; x_wconf 85' lang='lat' dir='ltr'><strong>tantum</strong></span> <span class='ocrx_word' id='word_1_251' title='bbox 880 4235 990 4307; x_wconf 88' lang='lat' dir='ltr'><strong>hic</strong></span> <span class='ocrx_word' id='word_1_252' title='bbox 1056 4235 1191 4307; x_wconf 90' lang='lat' dir='ltr'><strong>illic</strong></span> <span class='ocrx_word' id='word_1_253' title='bbox 1243 4234 1688 4328; x_wconf 77' lang='lat' dir='ltr'><strong>conglobatos</strong></span> <span class='ocrx_word' id='word_1_254' title='bbox 1740 4234 2025 4306; x_wconf 88' lang='lat' dir='ltr'><strong>nucleos</strong></span> <span class='ocrx_word' id='word_1_255' title='bbox 2076 4254 2234 4305; x_wconf 90' lang='lat' dir='ltr'><strong>cum</strong></span> <span class='ocrx_word' id='word_1_256' title='bbox 2284 4234 2431 4306; x_wconf 90' lang='lat' dir='ltr'><strong>suis</strong></span> <span class='ocrx_word' id='word_1_257' title='bbox 2481 4234 2898 4308; x_wconf 88' lang='lat' dir='ltr'><strong>membranis</strong></span> <span class='ocrx_word' id='word_1_258' title='bbox 2950 4259 3129 4317; x_wconf 80' lang='lat' dir='ltr'><strong>esse,</strong></span> 
     </span>
    </p>
   </div>
   <div class='ocr_carea' id='block_1_5' title="bbox 686 4416 1047 4428">
    <p class='ocr_par' dir='ltr' id='par_1_7' title="bbox 686 4416 1047 4428">
     <span class='ocr_line' id='line_1_29' title="bbox 686 4416 1047 4428; baseline 0 1564"><span class='ocrx_word' id='word_1_259' title='bbox 686 4416 1047 4428; x_wconf 95' lang='lat' dir='ltr'><strong> </strong></span> 
     </span>
    </p>
   </div>
   <div class='ocr_carea' id='block_1_6' title="bbox 351 4420 681 4433">
    <p class='ocr_par' dir='ltr' id='par_1_8' title="bbox 351 4420 681 4433">
     <span class='ocr_line' id='line_1_30' title="bbox 351 4420 681 4433; baseline 0 1559"><span class='ocrx_word' id='word_1_260' title='bbox 351 4420 681 4433; x_wconf 95' lang='lat' dir='ltr'><strong> </strong></span> 
     </span>
    </p>
   </div>
   <div class='ocr_carea' id='block_1_7' title="bbox 404 4492 2901 4856">
    <p class='ocr_par' dir='ltr' id='par_1_9' title="bbox 404 4492 2901 4856">
     <span class='ocr_line' id='line_1_31' title="bbox 520 4492 2726 4627; baseline -0.001 -32"><span class='ocrx_word' id='word_1_261' title='bbox 520 4545 574 4621; x_wconf 66' lang='grc' dir='ltr'><strong>ι)</strong></span> <span class='ocrx_word' id='word_1_262' title='bbox 643 4556 694 4617; x_wconf 59' lang='grc' dir='ltr'><strong>γ.</strong></span> <span class='ocrx_word' id='word_1_263' title='bbox 732 4541 861 4595; x_wconf 71' lang='lat' dir='ltr'><strong>rab.</strong></span> <span class='ocrx_word' id='word_1_264' title='bbox 894 4543 934 4595; x_wconf 89' lang='lat'><strong>1.</strong></span> <span class='ocrx_word' id='word_1_265' title='bbox 982 4494 1151 4610; x_wconf 47' lang='lat' dir='ltr'><strong>flgss&#39;s.</strong></span> <span class='ocrx_word' id='word_1_266' title='bbox 1286 4510 1464 4621; x_wconf 28' lang='lat'><strong>&#39;‘22&#39;1.</strong></span> <span class='ocrx_word' id='word_1_267' title='bbox 1496 4512 1537 4593; x_wconf 63' lang='grc' dir='ltr'><strong>ιζ</strong></span> <span class='ocrx_word' id='word_1_268' title='bbox 1566 4539 1695 4627; x_wconf 58' lang='grc' dir='ltr'><strong>τρι).</strong></span> <span class='ocrx_word' id='word_1_269' title='bbox 1732 4526 1771 4591; x_wconf 80' lang='lat'><strong>1.&#39;</strong></span> <span class='ocrx_word' id='word_1_270' title='bbox 1821 4492 1908 4605; x_wconf 56' lang='lat'><strong>132.</strong></span> <span class='ocrx_word' id='word_1_271' title='bbox 1942 4538 2030 4593; x_wconf 78' lang='grc' dir='ltr'><strong>ιε.</strong></span> <span class='ocrx_word' id='word_1_272' title='bbox 2059 4506 2112 4606; x_wconf 59' lang='grc'><strong>’3.</strong></span> <span class='ocrx_word' id='word_1_273' title='bbox 2182 4538 2311 4592; x_wconf 68' lang='grc' dir='ltr'><strong>ται).</strong></span> <span class='ocrx_word' id='word_1_274' title='bbox 2344 4539 2403 4592; x_wconf 90' lang='lat'><strong>11.</strong></span> <span class='ocrx_word' id='word_1_275' title='bbox 2453 4524 2539 4607; x_wconf 61' lang='lat' dir='ltr'><strong>ng„</strong></span> <span class='ocrx_word' id='word_1_276' title='bbox 2571 4538 2639 4602; x_wconf 74' lang='lat'><strong>⁵,</strong></span> <span class='ocrx_word' id='word_1_277' title='bbox 2674 4540 2726 4592; x_wconf 80' lang='lat' dir='ltr'><strong>s.</strong></span> 
     </span>
     <span class='ocr_line' id='line_1_32' title="bbox 404 4634 2901 4753; baseline -0.004 -28"><span class='ocrx_word' id='word_1_278' title='bbox 404 4712 411 4725; x_wconf 87' lang='lat'><em>.</em></span> <span class='ocrx_word' id='word_1_279' title='bbox 517 4663 577 4743; x_wconf 58' lang='grc' dir='ltr'><strong>ξ)</strong></span> <span class='ocrx_word' id='word_1_280' title='bbox 646 4665 761 4721; x_wconf 82' lang='lat' dir='ltr'><strong>Hoc</strong></span> <span class='ocrx_word' id='word_1_281' title='bbox 795 4664 957 4718; x_wconf 80' lang='lat' dir='ltr'><strong>semel</strong></span> <span class='ocrx_word' id='word_1_282' title='bbox 992 4667 1195 4737; x_wconf 81' lang='lat' dir='ltr'><strong>tantum</strong></span> <span class='ocrx_word' id='word_1_283' title='bbox 1230 4662 1513 4741; x_wconf 69' lang='lat' dir='ltr'><strong>observavi</strong></span> <span class='ocrx_word' id='word_1_284' title='bbox 1548 4666 1602 4735; x_wconf 72' lang='lat' dir='ltr'><strong>qt</strong></span> <span class='ocrx_word' id='word_1_285' title='bbox 1634 4662 1851 4745; x_wconf 67' lang='lat' dir='ltr'><strong>omnino</strong></span> <span class='ocrx_word' id='word_1_286' title='bbox 1883 4634 2156 4753; x_wconf 44' lang='lat' dir='ltr'><strong>unissime</strong></span> <span class='ocrx_word' id='word_1_287' title='bbox 2187 4668 2393 4721; x_wconf 79' lang='lat' dir='ltr'><strong>tantum</strong></span> <span class='ocrx_word' id='word_1_288' title='bbox 2423 4663 2646 4733; x_wconf 71' lang='lat' dir='ltr'><strong>repa-tri</strong></span> <span class='ocrx_word' id='word_1_289' title='bbox 2678 4658 2901 4747; x_wconf 58' lang='lat' dir='ltr'><strong>videtur.</strong></span> 
     </span>
     <span class='ocr_line' id='line_1_33' title="bbox 519 4789 1145 4856; baseline 0 -13"><span class='ocrx_word' id='word_1_290' title='bbox 519 4789 577 4855; x_wconf 74' lang='lat'><strong>4)</strong></span> <span class='ocrx_word' id='word_1_291' title='bbox 646 4804 695 4843; x_wconf 79' lang='lat' dir='ltr'><strong>v.</strong></span> <span class='ocrx_word' id='word_1_292' title='bbox 731 4789 858 4844; x_wconf 72' lang='lat' dir='ltr'><strong>rab.</strong></span> <span class='ocrx_word' id='word_1_293' title='bbox 891 4791 928 4844; x_wconf 78' lang='grc' dir='ltr'>ι</span> <span class='ocrx_word' id='word_1_294' title='bbox 975 4789 1061 4856; x_wconf 73' lang='lat' dir='ltr'><strong>ng.</strong></span> <span class='ocrx_word' id='word_1_295' title='bbox 1098 4790 1145 4843; x_wconf 78' lang='lat'><strong>⁷.</strong></span> 
     </span>
    </p>
   </div>
  </div>
 </body>
</html>
