3950 5992
860 1983 967 2113 J
969 2051 1081 2100 am
1134 2028 1251 2102 diu
1307 2029 1617 2122 quidem,
1655 2030 1723 2099 in
1776 2030 2032 2101 familia
2089 2034 2491 2105 muscorum
2563 2031 3060 2127 perscrutanda
3124 2050 3409 2124 operam
3456 2030 3667 2103 collo·

862 2173 1201 2236 caverunt
1270 2165 1575 2236 botanici
1599 2216 1618 2245 ,
1715 2164 1842 2238 sed
1896 2166 2116 2258 magis
2167 2166 2258 2240 ad
2310 2162 2672 2241 einer-nam
2724 2188 2966 2240 eorum
3018 2168 3310 2239 formam
3361 2167 3669 2240 attende·

861 2303 1019 2363 runt
1036 2308 1061 2372 ·,
1115 2300 1189 2364 ut
1233 2288 1401 2363 inde
1449 2292 1756 2382 singulas
1809 2296 2081 2387 species
2126 2306 2647 2388 cognoscerent.
2737 2292 2963 2387 Atque
3017 2295 3286 2366 etiamsi
3336 2293 3669 2373 nonnulli,

864 2430 938 2491 ut
985 2414 1431 2529 Hedwigius3
1529 2415 1789 2506 ingenti
1843 2414 2196 2506 diligentia
2249 2418 2567 2512 miroque
2622 2422 2880 2514 ingenii
2943 2425 3262 2496 acumine
3328 2424 3399 2495 in
3466 2424 3674 2495 inter·

865 2568 1027 2616 nam
1098 2567 1344 2616 eorum
1422 2536 1833 2615 structuram
1908 2543 2269 2638 ipsamque
2317 2548 2789 2621 evolutionem
2848 2551 3232 2643 accuratius
3265 2562 3274 2571 ¹
3303 2550 3674 2643 inquisive-

864 2684 1022 2748 runt
1046 2726 1063 2754 ,
1143 2682 1374 2743 tamen
1422 2690 1666 2742 manca
1710 2671 2327 2769 microscopiorum
2348 2729 2366 2757 ,
2441 2698 2620 2770 quae
2663 2688 2999 2751 vocantur
3016 2730 3035 2759 ,
3111 2676 3504 2750 conditione
3550 2677 3675 2748 im-

867 2804 1127 2903 pediti,
1224 2820 1375 2870 rem
1428 2800 1597 2870 satis
1652 2781 2080 2890 cognoscere
2127 2822 2270 2872 non
2335 2810 2726 2901 potuerunt.
2873 2805 3024 2888 Quo
3071 2806 3323 2877 sactum
3368 2813 3514 2887 est',
3604 2812 3678 2877 ut

868 2935 939 3003 ln
1008 2930 1312 3001 maximo
1365 2929 1774 3022 scriptorum
1805 2979 1823 3007 ,
1917 2927 2038 3020 qui
2121 2926 2212 2998 de
2284 2931 2542 3026 muscis
2615 2940 2947 3024 egerunt,
3035 2953 3326 3003 numero
3349 2966 3382 3013 ,-
3461 2950 3678 3026 panca

870 3066 1133 3134 tantum
1148 3109 1167 3138 ,
1221 3064 1292 3127 et
1339 3076 1432 3125 ne
1482 3053 1656 3125 haec
1706 3052 1989 3145 quidem
2043 3054 2210 3126 satis
2233 3056 2236 3059 “
2263 3068 2578 3129 accurata
2630 3060 2761 3131 illis
2814 3058 2905 3132 de
2957 3059 3165 3159 rebus
3219 3052 3674 3140 inveniantur,

870 3202 1077 3284 atque
1120 3209 1299 3281 quae
1350 3194 1627 3259 exstant
1669 3182 1760 3255 de
1804 3184 1889 3254 iis
1937 3185 2211 3279 scripta,
2260 3189 2631 3261 maximam
2678 3198 2944 3284 partem
2995 3185 3086 3259 ad
3131 3185 3679 3260 recentissimum

871 3320 1261 3416 pertineant
1304 3324 1600 3415 tempus.
1784 3314 1789 3318 ’

1201 3420 1387 3517 'Ante
1461 3444 1688 3517 omnia
1759 3452 1992 3513 antem
2065 3441 2365 3534 cognitio
2428 3443 2887 3538 sporidiorum
2958 3442 3371 3514 evolutionis
3438 3462 3679 3514 manca

874 3588 1062 3660 erat,
1153 3580 1570 3668 quapropter
1620 3593 1752 3643 nec
1800 3570 2030 3641 locum
2056 3623 2073 3651 ,
2175 3592 2384 3663 quem
2439 3592 2522 3642 ea
2551 3625 2569 3653 ‚
2655 3594 2811 3646 cnm
2860 3568 3519 3666 phanerogamarnm
3570 3590 3679 3641 or-

876 3706 1085 3867 ganis
1124 3710 1516 3796 comparata
1569 3708 2026 3794 occuparent,
2105 3707 2292 3769 recte
2344 3697 2725 3788 dijudicare
2776 3696 3047 3769 licebat.

1144 3822 1349 3917 Sed
1424 3822 1545 3900 u'bi
1626 3822 1962 3900 accuratis
2034 3816 2662 3913 observationibus
2713 3847 2860 3897 rem
2934 3822 3316 3895 decernere
3392 3842 3472 3892 se
3540 3843 3678 3893 non

880 3988 1086 4062 posse
1140 3946 1647 4052 intelligebant,
1716 3957 1804 4028 ad
1858 3934 2286 4054 conjecturas
2319 3932 2830 4057 confugiebant
2878 3956 3042 4027 satis
3091 3954 3338 4034 miras,
3390 3972 3679 4044 quarum

881 4109 1112 4168 tamen
1158 4089 1537 4185 nonnullae
1564 4096 1887 4183 propter.
1898 4107 1984 4193 ,ea
2005 4138 2054 4180 „
2078 4107 2258 4178 quae
2311 4108 2556 4177 rusque
2603 4085 2765 4173 inde
2815 4085 3300 4173 concluserunt
3320 4133 3344 4165 ‚
3392 4081 3677 4172 alicujus

882 4233 1041 4297 sunt
1096 4217 1487 4307 momenti„
1504 4262 1519 4307 ἰ
1598 4280 1619 4303 ,,
1664 4264 1755 4309 ..232
1854 4270 1881 4305 ,
1926 4260 1966 4303 ‚3
2009 4257 2107 4305 ,i
2121 4272 2128 4287 .
2184 4258 2210 4283 .·
2257 4272 2288 4299 .
2363 4256 2408 4299 .;,
2459 4268 2572 4299 ,,,,
2625 4254 2630 4261 -

1216 4343 1491 4419 Micheli
1513 4394 1532 4425 ‚
1619 4344 1737 4434 qui
1791 4344 2116 4445 omnium
2137 4344 2496 4437 princeps
2507 4361 2921 4425 muscarum
2993 4347 3221 4433 partes
3271 4336 3677 4413 fructifican-

885 4489 993 4550 tes
1062 4481 1528 4570 perscrutatus
1596 4478 1704 4542 est
1739 4466 1850 4563 ¹),
1946 4471 2251 4561 quinque
2300 4468 2616 4547 diversa
2623 4466 2904 4545 florum
2915 4502 2935 4547 ·‚
3001 4486 3210 4557 quos
3261 4466 3673 4547 nominabat,

888 4760 943 4805 ·:·
1020 4756 1175 4816 ιη’.
1172 4756 1361 4808 Noun
1400 4752 1723 4818 pintan—
1764 4759 1990 4815 mmm
2038 4749 2196 4811 Juxta
2238 4747 2616 4800 rma*
2667 4746 2978 4798 methodum:
3031 4745 3306 4812 ma.
3391 4745 3678 4799 florentiae

956 4847 1370 4902 HDCCxxva.
1407 4846 1456 4901 4
1510 4844 1786 4914 pag-1⁰8.
1843 4842 2095 4897 Tab.59.
3575 4858 3594 4871 1

2862 4934 2934 4988 1*
